%%% ArXiV

@article{simmons11structural,
  author    = {Robert J. Simmons},
  title     = {Structural focalization},
  journal   = {CoRR},
  volume    = {abs/1109.6273},
  year      = {2011},
  ee        = {http://arxiv.org/abs/1109.6273},
  bibsource = {DBLP, http://dblp.uni-trier.de}
}

%%% Normal journal articles
@article{ager04functional,
  author =       "Mads Sig Ager and Olivier Danvy and Jan Midtgaard",
  title =        "A Functional Correspondence between Call-by-Need Evaluators
                  and Lazy Abstract Machines",
  journal =      "Information Processing Letters",
  year =         2004,
  volume =       90,
  number =       5,
  pages =        "223--232",
}

@article{ager05functional,
  author =       "Mads Sig Ager and Olivier Danvy and Jan Midtgaard",
  title =        "A Functional Correspondence
                  between Monadic Evaluators
                  and Abstract Machines
                  for Languages with Computational Effects",
  journal =      "Theoretical Computer Science",
  year =         2005,
  volume =       342,
  number =       1,
  pages =        "149--172",
}

@article{andreoli92logic,
  author =       "Jean-Marc Andreoli",
  title =        "Logic Programming with Focusing Proofs in Linear Logic",
  journal =      "Journal of Logic and Computation",
  year =         1992,
  volume =       2,
  number =       3,
  pages =        "297--347",
}

@article{andreoli01focussing,
  author =       "Jean-Marc Andreoli",
  title =        "Focussing and proof construction", 
  journal =      "Annals of Pure and Applied Logic",
  year =         2001,
  volume =       107,
  pages =        "131--163",
}

@article{belnap82display,
  author =       "Nuel D. Belnap",
  title =        "Display logic",
  journal =      "Journal of Philosophical Logic",
  year =         1982,
  volume =       11,
  number =       4,
  pages =        "375--417",
}

@article{cervesato02linear,
  author =       "Iliano Cervesato and Frank Pfenning",
  title =        "A linear logical framework",
  journal =      "Information and Computation",
  year =         2002,
  volume =       179,
  number =       1, 
  pages =        "19--75",
}

@article{cervesato09relating,
  author =       "Iliano Cervesato and Andre Scedrov",
  title =        "Relating state-based and process-based concurrency through
                  linear logic (full-version)",
  journal =      "Information and Computation",
  year =         2009,
  volume =       207,
  number =       10,
  pages =        "1044--1077",
}

@article{chaudhuri10logical,
  author =       "Kaustuv Chaudhuri and Frank Pfenning and Greg Price",
  title =        "A Logical Characterization of Forward and Backward Chaining 
                  in the Inverse Method",
  journal =      "Journal of Automated Reasoning",
  year =         2008,
  volume =       40,
  pages =        "133--177",
} 

@article{danvy12interderiving,
  author =       "Olivier Danvy and Kevin Millikin and Johan Munk and
                  Ian Zerny",
  title =        "On inter-deriving small-step and big-step semantics:
                  A case study for storeless call-by-need evaluation",
  journal =      "Theoretical Computer Science",
  year =         2012,
  volume =       435,
  pages =        "21--42",
}

@article{fairtlough95propositional,
  author =       "Matt Fairtlough, Michael Mendler",
  title =        "Propositional Lax Logic",
  journal =      "Information and Computation",
  year =         1995,
  volume =       137,
  number =       1,
  pages =        "1--33",  
}

@article{gentzen35untersuchungen,
  author =       "Gerhard Gentzen",
  title =        "Untersuchungen {\"u}ber das logische Schlie{\ss}en. I",
  journal =      "Mathematische Zeitschrift",
  year =         1935,
  volume =       39,
  number =       2,
  pages =        "176--210",
}

@article{girard87linear,
  author =       "Jean-Yves Girard",
  title =        "Linear logic",
  journal =      "Theoretical Computer Science",
  year =         1987,
  volume =       50,
  pages =        "1--102",
}

@article{girard93unity,
  author =       "Jean-Yves Girard",
  title =        "On the unity of logic",
  journal =      "Annals of Pure and Applied Logic",
  year =         1993,
  volume =       59,
  number =       3,
  pages =        "201--217",
}

@article{girard01locus,
  author =       "Girard, Jean-Yves",
  title =        "Locus {S}olum: {F}rom the rules of logic to the logic of  
                  rules",
  journal =      "Mathematical Structures in Computer Science",
  year =         "2001",
  volume =       11,
  number =       3,
  pages =        "301--506",
}

@article{harper93framework,
  author =       "Robert Harper and Furio Honsell and Gordon Plotkin",
  title =        "A framework for defining logics",
  journal =      "Journal of the ACM",
  year =         1993,
  volume =       40,
  number =       1,
  pages =        "143--184",
}

@article{harper07mechanizing,
  author =       "Robert Harper and Daniel R. Licata",
  title =        "Mechanizing metatheory in a logical framework",
  journal =      "Journal of Functional Programming",
  year =         2007,
  volume =       17,
  number =       "4--5",
  pages =        "613--673",
}

@article{howe01proof,
  author =       "Jacob M. Howe",
  title =        "Proof search in Lax Logic",
  journal =      "Mathematical Structures in Computer Science",
  year =         2001,
  volume =       11,
  pages =        "573--588",
}

@article{huet97zipper,
  author =       "G{\'e}rard Huet",
  title =        "Functional Pearl: The Zipper",
  journal =      "Journal of Functional Programming",
  year =         1997,
  volume =       7,
  pages =        "549--554",
}

@article{lambek58mathematics,
  author = 	 "Joachim Lambek",
  title = 	 "The Mathematics of Sentence Structure",
  journal =	 "American Mathematical Monthly",
  year =	 1958,
  volume =	 65,
  pages =	 "363-386"
}

@article{liang09focusing,
  author =       "Chuck Liang and Dale Miller",
  title =        "Focusing and Polarization in Linear, Intuitionistic, and 
                  Classical Logic",
  journal =      "Theoretical Computer Science",
  year =         2009,
  volume =       410,
  number =       46,
  pages =        "4747--4768",
}

@article{liang10focused,
  author =       "Chuck Liang and Dale Miller",
  title =        "A Focused Approach to Combining Logics",
  journal =      "Annals of Pure and Applied Logic",
  year =         2010,
  volume =       162,
  pages =        "679--697",
}

@article{lof96meanings,
  author =       "Per Martin-L{\"o}f",
  title =        "On the Meanings of the Logical Constants and the
                  Justifications of the Logical Laws",
  journal =      "Nordic Journal of Philosophical Logic",
  year =         1996,
  volume =       1,
  number =       1,
  pages =        "11--60",
}

@article{mellies10resource,
  author =       "Paul-Andr{\'e} Melli{\`e}s and Nicholas Tabareau",
  title =        "Resource modalities in tensor logic",
  journal =      "Annals of Pure and Applied Logic",
  year =         2010,
  volume =       161,
  number =       6,
  pages =        "632--653",
}

@article{miller91uniform,
  author =       "Dale Miller and Gopalan Nadathur 
                  and Frank Pfenning and Andre Scedrov",
  title =        "Uniform proofs as a foundation for logic programming",
  journal =      "Annals of Pure and Applied Logic",
  year =         1991,
  volume =       51, 
  pages =        "125--157",
}

@article{miller09formalizing,
  author =       "Dale Miller",
  title =        "Formalizing Operational Semantic Specifications in Logic",
  journal =      "Electronic Notes in Theoretical Computer Science",
  year =         2009,
  volume =       246,
  pages =        "147--165",
  note =         "Proceedings of WFLP 2008",
}

@article{pfenning00structural,
  author =       "Frank Pfenning",
  title =        "Structural Cut Elimination
                  1. {I}ntuitionistic and Classical Logic",
  journal =      "Information and Computation",
  year =         2000,
  volume =       157,
  pages =        "84--141",
}

@article{pfenning01judgmental,
  author = 	 "Frank Pfenning and Rowan Davies",
  title = 	 "A Judgmental Reconstruction of Modal Logic",
  journal =	 "Mathematical Structures in Computer Science",
  year =	 2001,
  volume =       11,
  number =       4,
  pages =        "511--540",
  note =	 "Notes to an invited talk at the {\em Workshop
		  on Intuitionistic Modal Logics and Applications (IMLA'99)},
		  Trento, Italy, July 1999",
}

@article{simmons11logical, 
  author =       "Robert J. Simmons and Frank Pfenning",
  title =        "Logical approximation for program analysis",
  journal =      "Higher-Order and Symbolic Computation",
  year =         2011,
  note =         "Online First.
  \url{http://dx.doi.org/10.1007/s10990-011-9071-2}",
}

@article{zeilberger08unity,
  author =       "Noam Zeilberger",
  title =        "On the unity of duality",
  journal =      "Annals of Pure and Applied Logic",
  year =         2008,
  volume =       157,
  number =       "1--3",
  pages =        "66-96",
}  

%%% Books
@book{aitkaci99warrens,
  author =       "Hassan A{\"i}t Kaci",
  title =        "Warren's Abstract Machine: A Tutorial Reconstruction",
  publisher =    "MIT Press",
  year =         1999,
}

@book{levy04call,
  author =       "Paul B. Levy",
  title =        "Call-by-push-value. A functional/imperative synthesis",
  series =       "Semantic Structures in Computation",
  publisher =    "Springer",
  year =         2004,
}

@book{girard89proofs,
  author =       "Jean-Yves Girard and Paul Taylor and Yves Lafont",
  title =        "Proofs and Types",
  publisher =    "Cambridge University Press",
  year =         1989,
}

@book{pym02semantics,
  author =       "David J. Pym",
  title =        "The Semantics and Proof Theory of the Logic of 
                  Bunched Implications",
  series =       "Applied Logic Series",
  publisher =    "Springer",
  year =         2002,
}

%%% Collection chapters
@incollection{miller08proof,
  author =       "Dale Miller",
  title =        "A Proof-Theoretic Approach to the Static Analysis of
                  Logic Programs",
  editor =       "C.Benzm{\"u}ller and C.Brown and J.Siekmann and R.Statman",
  booktitle =  	 "Reasoning in Simple Type Theory: 
                  Festschrift in Honor of Peter B. Andrews on His 70th
                  Birthday",
  publisher =    "College Publications",
  year =         2008,
  volume =       17,
  pages =        "423--442",
  series =       "Studies in Logic",
}

@incollection{pfenning08church,
  author = 	 "Frank Pfenning",
  title = 	 "Church and {C}urry: 
                  {C}ombining intrinsic and extrinsic typing",
  editor =       "C.Benzm{\"u}ller and C.Brown and J.Siekmann and R.Statman",
  booktitle = 	 "Reasoning in Simple Type Theory: 
                  Festschrift in Honor of Peter B. Andrews on His 70th 
                  Birthday",
  publisher =    "College Publications",
  year =         2008,
  volume =       17,
  series = 	 "Studies in Logic"}


%%% Springer proceedings
@inproceedings{ager04natural,
  author =       "Mads Sig Ager",
  title =        "From Natural Semantics to Abstract Machines",
  booktitle =    "Logic Based Program Synthesis and Transformation
                  (LOPSTR'04)",
  pages =        "245--261",
  year =         2004,
  publisher =    "Springer LNCS 3573",
}

@inproceedings{brock10focused,
  author = 	 "Taus Brock-Nannestad and Carsten Sch{\"u}rmann",
  title = 	 "Focused Natural Deduction",
  booktitle =    "Logic for Programming, Artificial Intelligence, 
                  and Reasoning (LPAR-17)",
  pages = 	 "157--171",
  year = 	 2010,
  publisher =    "Springer LNCS 6397",
}

@inproceedings{miller92pi,
  author =       "Dale Miller",
  title =        "The $\pi$-calculus as a theory in linear logic: preliminary
                  results",
  booktitle =    "Extensions of Logic Programming (ELP'92)",
  pages =        "242--264",
  year =         1994,
  publisher =    "Springer LNCS 660",
}

@inproceedings{chaudhuri08focusing,
  author =       "Kaustuv Chaudhuri",
  title =        "Focusing Strategies in the Sequent Calculus of Synthetic
                  Connectives",
  booktitle =    "Logic for Programming, Artificial Intelligence, 
                  and Reasoning (LPAR-15)",
  pages =        "467--481",
  year =         2008,
  publisher =    "Springer LNCS 5330",
}

@inproceedings{jagadeesan05testing,
  author =       "Rada Jagadeesan and Gopalan Nadathur and Vijay Saraswat",
  title =        "Testing Concurrent Systems: An Interpretation of 
                  Intuitionistic Logic",
  booktitle =    "Foundations of Software Technology and Theoretical Computer  
                  Science",
  pages =        "517--528",
  year =         2005,
  publisher =    "Springer LNCS 3821",
}

@inproceedings{pfenning04substructural,
  author =       "Frank Pfenning",
  title =        "Substructural Operational Semantics and Linear 
                  Destination-Passing Style",
  booktitle =    "Programming Languages and Systems",
  year =         2004,
  pages =        196,
  publisher =    "Springer LNCS 3302",
  note =         "Abstract of invited talk",
}

@inproceedings{pfenning99system,
  author =       "Frank Pfenning and Carsten Sch{\"u}rmann",
  title =        "System description: 
                  Twelf --- a meta-logical framework for deductive systems",
  editor =       "H. Ganzinger",
  booktitle =    "Proceedings of the 16th International Conference on Automated 
                  Deduction (CADE-16)",
  publisher =    "Springer LNAI 1632",
  location =     "Trento, Italy",
  pages =        "202--206",
  year =         1999,
}

@inproceedings{polakow99natural,
  author = 	 "Jeff Polakow and Frank Pfenning",
  title = 	 "Natural Deduction for Intuitionistic Non-Commutative
		  Linear Logic",
  booktitle =	 "Typed Lambda Calculus and Applications (TLCA'99)",
  pages =        "295-309",
  year =	 1999,
  publisher =	 "Springer LNCS 1581",
}

@inproceedings{schacknielsen08celf,
  author =       "Schack-Nielsen, Anders and Sch{\"u}rmann, Carsten",
  title =        "Celf --- A Logical Framework for 
                  Deductive and Concurrent Systems (System Description)",
  booktitle =    "Proceedings of the International Joint Conference on
                  Automated Reasoning (IJCAR'08)",
  pages =        "320--326",
  year =         2008,
  publisher =    "Springer LNCS 5195",
}

@inproceedings{simmons08linear,
  author =       "Robert J. Simmons and Frank Pfenning",
  title =        "Linear Logical Algorithms", 
  booktitle =    "Proceedings of the International Colloquium on Automata, 
                  Languages and Programming, Track B (ICALP'08)",
  pages =        "336--347",
  year =         2008,
  publisher =    "Springer LNCS 5126",
}

%%% Non-Springer proceedings
@inproceedings{ager03functional,
  author =       "Mads Sig Ager and Dariusz Biernacki and
                  Olivier Danvy and Jan Midtgaard",
  title =        "A Functional Correspondence between Evaluators and Abstract 
                  Machines",
  booktitle =    "Principles and Practice of Declarative Programming",
  year =         2003,
  pages =        "8--19",
  publisher =    "ACM",
}

@inproceedings{pfenning98elf,
  author =       "Frank Pfenning",
  title =        "Elf: A Language for Logic Definition and Verified
                  Metaprogramming",
  booktitle =    "Proceedings of the 11th Annual Symposium on 
                  Logic in Computer Science (LICS'96)",
  pages =        "313--322",
  year =         1989,
  address =      "Pacific Grove, California",
}

@inproceedings{benton96linear,
  author =       "Nick Benton and Philip Wadler",
  title =        "Linear Logic, Monads and the Lambda Calculus",
  booktitle =    "Proceedings of the 11th Annual Symposium on 
                  Logic in Computer Science (LICS'96)",
  pages =        "420--431",
  year =         1996,
  address =      "New Brunswick, NJ",
}

@inproceedings{chaudhuri08canonical,
  author =       "Kaustuv Chaudhuri and Dale Miller and Alexis Saurin",
  title =        "Canonical Sequent Proofs via Multi-Focusing",
  booktitle =    "Fifth IFIP International Conference on Theoretical Computer 
                  Science (TCS 2008, Track B)",
  pages =        "383--396",
  year =         2009,
}

@inproceedings{crary10higher,
  author =       "Karl Crary",
  title =        "Higher-order Representation of Substructural Logics",
  booktitle =    "International Conference on Functional Programming",
  year =         2010,
  pages =        "131--142",
  publisher =    "ACM",
}

@inproceedings{danvy08defunctionalized,
  author =       "Olivier Danvy",
  title =        "Defunctionalized Interpreters for Programming Languages",
  booktitle =    "International Conference on Functional Programming",
  year =         2008,
  pages =        "131--142",
  publisher =    "ACM",
  note =         "Invited talk",
}

@inproceedings{krishnaswami09focusing,
  author =       "Neelakantan R. Krishnaswami",
  title =        "Focusing on pattern matching",
  booktitle =    "Principles of Programming Languages",
  year =         2009,
  pages =        "366--378",
  publisher =    "ACM",
}

@inproceedings{licata08focusing,
  author = 	 "Daniel R. Licata and Noam Zeilberger and Robert Harper",
  title = 	 "Focusing on Binding and Computation",
  booktitle =    "Proceedings of the 23rd Annual Symposium on 
                  Logic in Computer Science (LICS'08)",
  pages = 	 "241--252",
  year = 	 2008,
  address = 	 "Pittsburgh, Pennsylvania",
}

@inproceedings{lopez05monadic,
  author =       "L\'{o}pez, Pablo and Pfenning, Frank and Polakow, Jeff and 
                  Watkins, Kevin",
  title =        "Monadic concurrent linear logic programming",
  booktitle =    "Principles and Practice of Declarative Programming",
  year =         2005,
  pages =        "35--46",
  publisher =    "ACM",
}

@inproceedings{nigam09algorithmic,
  author =       "Nigam, Vivek and Miller, Dale",
  title =        "Algorithmic specifications in linear logic 
                  with subexponentials",
  booktitle =    "Principles and Practice of Declarative Programming",
  year =         2009,
  pages =        "129--140",
  publisher =    "ACM",
}

@inproceedings{pfenning09substructural,
  author = 	 "Frank Pfenning and Robert J. Simmons",
  title =  	 "Substructural Operational Semantics as
                  Ordered Logic Programming",
  booktitle =    "Proceedings of the 24th Annual Symposium on 
                  Logic in Computer Science (LICS'09)",
  pages = 	 "101--110",
  year = 	 2009,
  address = 	 "Los Angeles, California",
}

% ENTCS volume 196
@inproceedings{schacknielsen07induction,
  author =       "Anders Schack-Nielsen",
  title =        "Induction on Concurrent Terms",
  booktitle =    "Proceedings of the International Workshop on Logical
                  Frameworks and Meta-Languages: Theory and Practice
                  (LFMTP'07)",
  pages =        "37--51",
  year =         2007,
  address =      "Bremen, Germany", 
}

@inproceedings{schroeder93rules,
  author =       "Peter Schroeder-Heister",
  title =        "Rules of definitional reflection",
  booktitle =    "Proceedings of the 8th Annual Symposium on 
                  Logic and Computer Science (LICS'93)",
  pages =        "222--232",
  year =         1993,
  address =      "Montreal, Canada",
}

@inproceedings{zeilberger08focusing,
  author =       "Noam Zeilberger",
  title =        "Focusing and higher-order abstract syntax",
  booktitle =    "Principles of Programming Languages",
  year =         2008,
  pages =        "359--369",
  publisher =    "ACM",
}

@inproceedings{zeilberger09defunctionalizing,
  author =       "Noam Zeilberger",
  title =        "Defunctionalizing focusing proofs",
  booktitle =    "International Workshop on Proof-Search in Type Theories",
  year =         2009,
}


%%% Unpublished, with URLs
@misc{cruz12parallel,
  author =       "Fl{\'a}vio Cruz and Kuen-Bang {Hou (Favonia)}",
  title =        "Parallel Programming and Cost Semantics",
  month =        may,
  year =         2012,
  note =         "Unpublished note",
}

@misc{girard91sex,
  author =       "Jean-Yves Girard",
  title =        "On the sex of angels",
  month =        dec,
  year =         1991,
  note =         "Post to {LINEAR} mailing list, archived at
  \url{http://www.seas.upenn.edu/~sweirich/types/archive/1991/msg00123.html}"
}

@misc{harper12practical,
  author =       "Robert Harper",
  title =        "Practical Foundations for Programming Languages",
  month =        mar,
  year =         2012,
  note =         "Version 1.30, accessed May 11, 2012.  
  Current version available online:
  \url{http://www.cs.cmu.edu/~rwh/plbook/book.pdf}",
}

@misc{laurent04proof,
  author =       "Olivier Laurent",
  title =        "A proof of the focalization property of Linear Logic",
  month =        may,
  year =         2004,
  note =         "Unpublished note, available online:
  \url{http://perso.ens-lyon.fr/olivier.laurent/llfoc.pdf}",
}

@misc{simmons09linear,
  author =       "Robert J. Simmons",
  title =        "Linear functions and coverage checking stuff with holes in 
                  it",
  month =        dec,
  year =         2009,
  note =         "Unpublished note, available online:
  \url{http://www.cs.cmu.edu/~rjsimmon/papers/rfl6-cover.pdf}",
}

@misc{martens11mechanizing,
  author =       "Chris Martens and Karl Crary",
  title =        "Mechanizing the Metatheory of {LF} in {T}welf",
  month =        aug,
  year =         2011,
  note =         "Slides from a talk given at ITU Denmark, available online: 
  \url{http://www.cs.cmu.edu/~cmartens/lfinlf-talk.pdf}"
}

@misc{pfenning12chaining,
  author =       "Frank Pfenning",
  title =        "Lecture Notes on Chaining and Focusing",
  month =        feb,
  year =         2012,
  note =         "Lecture notes for 15-816: Linear Logic at Carnegie
                  Mellon University, available online:
  \url{http://www.cs.cmu.edu/~fp/courses/15816-s12/lectures/09-focusing.pdf}",
}

@misc{reed07properties,
  author =       "Jason Reed",
  title =        "Properties of Hereditary Substitution without Type Indices",
  month =        may,
  year =         2007,
  note =         "Unpublished note, available online:
  \url{http://jcreed.org/papers/st2.pdf}",
}

@misc{reed08focalizing,
  author =       "Jason Reed",
  title =        "Focalizing Linear Logic in Itself",
  month =        dec,
  year =         2008,
  note =         "Unpublished note, available online: 
  \url{http://www.cs.cmu.edu/~jcreed/papers/synfocus.pdf}"
}

@misc{reed09queue,
  author =       "Jason Reed",
  title =        "Queue Logic: An Undisplayiable Logic?",
  month =        apr,
  year =         2009,
  note =         "Unpublished note, available online:
  \url{http://www.cs.cmu.edu/~jcreed/papers/queuelogic.pdf}",
}

@misc{reed09judgmental,
  author =       "Jason Reed",
  title =        "A Judgmental Deconstruction of Modal Logic",
  month =        jan,
  year =         2009,
  note =         "Unpublished note, available online:
  \url{http://www.cs.cmu.edu/~jcreed/papers/jdml.pdf}"
}

@misc{reed10focus,
  author =       "Jason Reed and Frank Pfenning",
  title =        "Focus-Preserving Embeddings of Substructural Logics in  
                  Intuitionistic Logic",
  month =        jan,
  year =         2010,
  note =         "Draft manuscript, available online: 
  \url{http://www.cs.cmu.edu/~fp/papers/substruct10.pdf}",
}

@misc{simmons09weak,
  author =       "Robert J. Simmons",
  title =        "Weak Focusing",
  month =        feb,
  year =         2009,
  note =         "The Twelf Wiki. Available online:
  \url{http://twelf.org/wiki/Weak_focusing}",
}

@misc{simmons12cut,
  author =       "Robert J. Simmons",
  title =        "Cut admissibility for focused multiplicative, 
                  exponential linear logic",
  month =        apr,
  year =         2012,
  note =         "Unpublished note, available online:
  \url{http://www.cs.cmu.edu/~rjsimmon/drafts/mell-cut.pdf}"
}


%%% Dissertations
@PhdThesis{chaudhuri06focused,
  author =       "Kaustuv Chaudhuri",
  title =        "The Focused Inverse Method for Linear Logic",
  school = 	 "Carnegie Mellon University",
  year =         2006,
  number =       "CMU-CS-06-162",
}

@PhdThesis{chirimar95proof,
  author =       "Jawahar Lal Chirimar",
  title =        "Proof Theoretic Approach To Specification Languages",
  school =       "University of Pennsylvania",
  year =         1995,
}

@PhdThesis{davies05practical,
  author =       "Rowan Davies",
  title =        "Practical Refinement-Type Checking",
  school =       "Carnegie Mellon University",
  year =         2005,
  number =       "CMU-CS-05-110",
}

@PhdThesis{howe98proof,
  author =       "Jacob M. Howe",
  title =        "Proof search issues in some non-classical logics",
  school =       "University of St. Andrews",
  year =         1998,
}

@PhdThesis{laurent02etude,
  author =       "Olivier Laurent",
  title =        "{\'E}tude de la polarisation en logique",
  school =       "Universit{\'e} de la M{\'e}diterran{\'e}e -
                  Aix-Marseille II",
  year =         2002,
}

@PhdThesis{murphy08modal,
  author =       "Tom {Murphy VII}",
  title =        "Modal Types for Mobile Code",
  school =       "Carnegie Mellon University",
  year =         2008,
  number =       "CMU-CS-08-126",
}

@PhdThesis{norell08towards,
  author =       "Ulf Norell",
  title =        "Towards a practical programming language 
                  based on dependent type theory",
  school =       "Chalmers University of Technology",
  year =         2007,
}

@PhdThesis{polakow01ordered,
  author = 	 "Jeff Polakow",
  title = 	 "Ordered Linear Logic and Applications",
  school = 	 "Carnegie Mellon University",
  year = 	 2001,
  number =       "CMU-CS-01-152",
}

@PhdThesis{zeilberger09logical,
  author = 	 "Noam Zeilberger",
  title = 	 "The Logical Basis of Evaluation Order and Pattern-Matching",
  school = 	 "Carnegie Mellon University",
  year = 	 2009,
  number =       "CMU-CS-09-122",
}


%%% Technical reports
@techreport{barber96dual,
  author =       "Andrew Barber",
  title =        "Dual Intuitionistic Linear Logic",
  number =       "ECS-LFCS-96-347",
  institution =  "Laboratory for Foundations of Computer Sciences, University 
                  of Edinburgh",
  year =         1996,
}

@techreport{cervesato02concurrent,
  author =       "Iliano Cervesato and Frank Pfenning and David Walker and 
                  Kevin Watkins",
  title =        "A Concurrent Logical Framework {II}: Examples and Applications",
  number =       "CMU-CS-2002-002",
  institution =  "Department of Computer Science, Carnegie Mellon University",
  month =        mar,
  year =         2002,
  note =         "Revised May 2003",
}

@techreport{chang03judgmental,
  author =       "Bor-Yuh Evan Chang and Kaustuv Chaudhuri and Frank Pfenning",
  title =        "A judgmental analysis of linear logic",
  number =       "CMU-CS-03-131R",
  institution =  "Department of Computer Science, Carnegie Mellon University",
  month =        apr,
  year =         2003,
  note =         "Revised December 2003",
}

@techreport{hannan92operational,
  author =       "John Hannan and Dale Miller",
  title =        "From Operational Semantics to Abstract Machines",
  number =       "MS-CIS-92-46",
  institution =  "Computer \& Information Science Department, 
                  University of Pennsylvania",
  month =        jun,
  year =         1992,
}
 
@techreport{poswolsky03factoring,
  author =       "Adam Poswolsky and Carsten Sch{\"u}rmann",
  title =        "Factoring Report",
  number =       "YALEU/DCS/TR-1256",
  institution =  "Department of Computer Science, Yale University",
  month =        nov,
  year =         2003,
}

@techreport{simmons11weak,
  author =       "Robert J. Simmons and Frank Pfenning",
  title =        "Weak Focusing for Ordered Linear Logic",
  number =       "CMU-CS-2011-147",
  institution =  "Department of Computer Science, Carnegie Mellon University",
  month =        apr,
  year =         2011,
}

@techreport{watkins02concurrent,
  author =       "Kevin Watkins and Iliano Cervesato and Frank Pfenning and 
                  David Walker",
  title =        "A Concurrent Logical Framework {I}: Judgments and Properties",
  number =       "CMU-CS-2002-101",
  institution =  "Department of Computer Science, Carnegie Mellon University",
  month =        mar,
  year =         2002,
  note =         "Revised May 2003",
}
